% Copyright 2015-2016 Matthew Mikolay.
%
% This program is free software: you can redistribute it and/or modify
% it under the terms of the GNU General Public License as published by
% the Free Software Foundation, either version 3 of the License, or
% (at your option) any later version.
%
% This program is distributed in the hope that it will be useful,
% but WITHOUT ANY WARRANTY; without even the implied warranty of
% MERCHANTABILITY or FITNESS FOR A PARTICULAR PURPOSE.  See the
% GNU General Public License for more details.
%
% You should have received a copy of the GNU General Public License
% along with this program.  If not, see <http://www.gnu.org/licenses/>.

@article {chip8c,
    title = "NEW FROM RCA",
    journal = "VIPER",
    publisher = "Aresco",
    volume = "1",
    number = "2",
    pages = "6",
    year = "1978",
    month = "8"
}

@article {chip8i,
    author = "Rick Simpson",
    title = "A Modification of CHIP-8 to Provide I/O Instructions",
    journal = "VIPER",
    publisher = "Aresco",
    volume = "1",
    number = "3",
    pages = "4",
    year = "1978",
    month = "9"
}

@article{chip10,
    author = "Ben H. Hutchinson",
    title = "CHIP-10 INTERPRETER FOR THE COSMAC VIP",
    journal = "VIPER",
    publisher = "Aresco",
    volume = "1",
    number = "7",
    pages = "11--16",
    year = "1979",
    month = "2"
}

@article{chip8ii,
    author = "Tom Swan",
    title = "KEYBOARD KONTROL",
    journal = "VIPER",
    publisher = "Aresco",
    volume = "2",
    number = "4",
    pages = "5--9",
    year = "1979",
    month = "10"
}

@article{hires,
    author = "Tom Swan",
    title = "HI-RES CHIP-8",
    journal = "VIPER",
    publisher = "Aresco",
    volume = "2",
    number = "6",
    pages = "4--10",
    year = "1980",
    month = "1"
}

@article{chip8iii,
    author = "John Chmielewski",
    title = "CHIP-8III",
    journal = "VIPER",
    publisher = "Aresco",
    volume = "2",
    number = "7",
    pages = "6--7",
    year = "1980",
    month = "2"
}

@article{chip8e,
    author = "Gilles Detillieux",
    title = "CHIP-8E",
    journal = "VIPER",
    publisher = "Aresco",
    volume = "2",
    number = "8/9",
    pages = "15--17",
    date = "1980-03/1980-04"
}

@article{chip8y,
    author = "Bob Casey",
    title = "CHIP-8 with I/O Modifications: CHIP-8Y",
    journal = "VIPER",
    publisher = "VIP Hobby Computer Assn.",
    volume = "3",
    number = "1",
    pages = "18",
    date = "1981-04/1981-05"
}

@article{chip8m,
    author = "Steven Vincent Gunhouse",
    title = "Special Routines for Morse Code from Standard CHIP-8",
    journal = "VIPER",
    publisher = "VIP Hobby Computer Assn.",
    volume = "4",
    number = "5",
    pages = "2--4",
    date = "1982-12/1983-01"
}

@electronic{megachip1,
    author = "Martijn Wenting",
    title = "MEGA-CHIP8 v1.0b",
    url = {http://github.com/gcsmith/gchip/blob/master/docs/megachip10.txt},
    urldate = {2015-12-21}
}

@electronic{megachip2,
    author = "Martijn Wenting",
    title = "MEGACHIP8 DEVKIT (CHIP-8/SUPERCHIP, MEGACHIP8, 2007)",
    url = {http://www.revival-studios.com/other.php},
    urldate = {2015-12-21}
}

@electronic{schip,
    author = "Erik Bryntse",
    title = "SUPER-CHIP v1.1 (now with scrolling)",
    date = "1991-05-28",
    url = {http://devernay.free.fr/hacks/chip8/schip.txt},
    urldate = {2015-12-21}
}

@manual {chip8x,
    title = "VP580, VP585, VP590, VP595 Instruction Manual",
    publisher = "RCA Corporation"
}

@manual {gamemanual,
    title = "Game Manual II",
    publisher = "RCA Corporation",
    date = "1980"
}

@electronic{xochip,
    author = "John Earnest",
    title = "Octo Extensions",
    date = "2015-09-19",
    url = {https://github.com/JohnEarnest/Octo/blob/gh-pages/docs/XO-ChipSpecification.md},
    urldate = {2015-12-21}
}
